@article{gupta2022financial,
  title={Financial constraints and the racial housing gap},
  author={Gupta, Arpit and Hansman, Christopher and Mabille, Pierre},
  year={2022},
  publisher={INSEAD Working Paper}
}
@article{Massey2016RidingTS,
  title={Riding the Stagecoach to Hell: A Qualitative Analysis of Racial Discrimination in Mortgage Lending},
  author={Douglas S. Massey and Jacob S. Rugh and Justin P. Steil and Len Albright},
  journal={City \& Community},
  year={2016},
  volume={15},
  pages={118 - 136}
}
@article{Cheng2014RacialDI,
  title={Racial Discrepancy in Mortgage Interest Rates},
  author={Ping Cheng and Zhenguo Lin and Yingchun Liu},
  journal={The Journal of Real Estate Finance and Economics},
  year={2014},
  volume={51},
  pages={101-120}
}